@article{CiteExample,
	Author = {Lorem Ipsum},
	Journal = {LOREM},
	Title = {Test Citation},
	Url = {https://lipsum.com/},
	Year = {28.01.2010}}
